
    <record>
        <leader>00000nz  a2200169   4500</leader>
        <controlfield tag="001">30006190</controlfield>
        <controlfield tag="003">RISM</controlfield>
        <controlfield tag="005">20160216</controlfield>
        <controlfield tag="008">160216n||az|||||||##########||||||||||||</controlfield>
        <datafield tag="040" ind1=" " ind2=" ">
            <subfield code="a">BY-MIn</subfield>
        </datafield>
        <datafield tag="043" ind1=" " ind2=" ">
            <subfield code="c">XA-BY</subfield>
        </datafield>
        <datafield tag="110" ind1="2" ind2=" ">
            <subfield code="a">Nacional'naja biblioteka Belarusi</subfield>
            <subfield code="c">Minsk</subfield>
            <subfield code="g">BY-MIn</subfield>
        </datafield>
    </record>
</collection>


